
%
% General background
%

@inproceedings{zhao2014,
  title={Detecting adverse drug events with multiple representations of clinical measurements},
  author={Zhao, Jing and Henriksson, Aron and Asker, Lars and Bostr{\"o}m, Henrik},
  booktitle={Bioinformatics and Biomedicine (BIBM), 2014 IEEE International Conference on},
  pages={536--543},
  year={2014},
  organization={IEEE}
}


@article{guyon2003introduction,
  title={An introduction to variable and feature selection},
  author={Guyon, Isabelle and Elisseeff, Andr{\'e}},
  journal={Journal of machine learning research},
  volume={3},
  number={Mar},
  pages={1157--1182},
  year={2003}
}

@inproceedings{antunes2001temporal,
  title={Temporal data mining: An overview},
  author={Antunes, Cl{\'a}udia M and Oliveira, Arlindo L},
  booktitle={KDD workshop on temporal data mining},
  volume={1},
  pages={13},
  year={2001}
}

%
% K-nn
% 

@article{altman1992,
  title={An introduction to kernel and nearest-neighbor nonparametric regression},
  author={Altman, Naomi S},
  journal={The American Statistician},
  volume={46},
  number={3},
  pages={175--185},
  year={1992},
  publisher={Taylor \& Francis}
}

%
% Bag of features 
%
@article{baydogan2013bag,
  title={A bag-of-features framework to classify time series},
  author={Baydogan, Mustafa Gokce and Runger, George and Tuv, Eugene},
  journal={IEEE transactions on pattern analysis and machine intelligence},
  volume={35},
  number={11},
  pages={2796--2802},
  year={2013},
  publisher={IEEE}
}

%
% Shapelets
%
@article{ye2011shapelets,
  title={Time series shapelets: a novel technique that allows accurate, interpretable and fast classification},
  author={Ye, Lexiang and Keogh, Eamonn},
  journal={Data mining and knowledge discovery},
  volume={22},
  number={1-2},
  pages={149--182},
  year={2011},
  publisher={Springer}
}
@inproceedings{ye2009time,
  title={Time series shapelets: a new primitive for data mining},
  author={Ye, Lexiang and Keogh, Eamonn},
  booktitle={Proceedings of the 15th ACM SIGKDD international conference on Knowledge discovery and data mining},
  pages={947--956},
  year={2009},
  organization={ACM}
}

%
% SAX
%
@inproceedings{shieh2008sax,
  title={i SAX: indexing and mining terabyte sized time series},
  author={Shieh, Jin and Keogh, Eamonn},
  booktitle={Proceedings of the 14th ACM SIGKDD international conference on Knowledge discovery and data mining},
  pages={623--631},
  year={2008},
  organization={ACM}
}

@inproceedings{lin2003sax,
  title={A symbolic representation of time series, with implications for streaming algorithms},
  author={Lin, Jessica and Keogh, Eamonn and Lonardi, Stefano and Chiu, Bill},
  booktitle={Proceedings of the 8th ACM SIGMOD workshop on Research issues in data mining and knowledge discovery},
  pages={2--11},
  year={2003},
  organization={ACM}
}

%
% Other methods(?)
%

@article{yoon2005feature,
  title={Feature subset selection and feature ranking for multivariate time series},
  author={Yoon, Hyunjin and Yang, Kiyoung and Shahabi, Cyrus},
  journal={IEEE transactions on knowledge and data engineering},
  volume={17},
  number={9},
  pages={1186--1198},
  year={2005},
  publisher={IEEE}
}


@inproceedings{yang2005clever,
  title={CLeVer: A Feature Subset Selection Technique for Multivariate Time Series},
  author={Yang, Kiyoung and Yoon, Hyunjin and Shahabi, Cyrus},
  booktitle={Pacific-Asia Conference on Knowledge Discovery and Data Mining},
  pages={516--522},
  year={2005},
  organization={Springer}
}
@article{lei2005svm,
  title={Speeding up multi-class SVM evaluation by PCA and feature selection},
  author={Lei, Hansheng and Govindaraju, Venu},
  journal={Feature Selection for Data Mining},
  pages={72--79},
  year={2005}
}

%%% Tools
@article{scikit-learn,
 title={Scikit-learn: Machine Learning in {P}ython},
 author={Pedregosa, F. and Varoquaux, G. and Gramfort, A. and Michel, V.
         and Thirion, B. and Grisel, O. and Blondel, M. and Prettenhofer, P.
         and Weiss, R. and Dubourg, V. and Vanderplas, J. and Passos, A. and
         Cournapeau, D. and Brucher, M. and Perrot, M. and Duchesnay, E.},
 journal={Journal of Machine Learning Research},
 volume={12},
 pages={2825--2830},
 year={2011}
}
@Misc{scipy,
  author =    {Eric Jones and Travis Oliphant and Pearu Peterson and others},
  title =     {{SciPy}: Open source scientific tools for {Python}},
  year =      {2001--},
  url = "http://www.scipy.org/",
  note = {[Online; accessed 2017-01-05]}
}
@InProceedings{ mckinney-proc-scipy-2010,
  author    = { Wes McKinney },
  title     = { Data Structures for Statistical Computing in Python },
  booktitle = { Proceedings of the 9th Python in Science Conference },
  pages     = { 51 - 56 },
  year      = { 2010 },
  editor    = { St\'efan van der Walt and Jarrod Millman }
}

@article{wilcoxon1945,
  title={Individual comparisons by ranking methods},
  author={Wilcoxon, Frank},
  journal={Biometrics bulletin},
  volume={1},
  number={6},
  pages={80--83},
  year={1945},
  publisher={JSTOR}
}

@Manual{rlang2016,
  title = {R: A Language and Environment for Statistical Computing},
  author = {{R Core Team}},
  organization = {R Foundation for Statistical Computing},
  address = {Vienna, Austria},
  year = {2016},
  url = {https://www.R-project.org/},
}